%% This BibTeX bibliography file was created using BibDesk.
%% http://bibdesk.sourceforge.net/

%% Created for Daniel Otero at 2016-11-13 18:40:45 -0500 


%% Saved with string encoding Unicode (UTF-8) 



@article{Granger,
	Author = {C. W. J. Granger},
	Date-Added = {2016-11-13 23:39:02 +0000},
	Date-Modified = {2016-11-13 23:40:40 +0000},
	Journal = {Econometrica},
	Month = {August},
	Number = {3},
	Pages = {424-438},
	Title = {investigating casual relations by econometric models and cross-spectral methods},
	Volume = {37},
	Year = {1969}}

@article{Rudebusch,
	Author = {Glenn D. Rudebusch and Lars E. O. Svensson},
	Date-Added = {2016-11-13 23:36:53 +0000},
	Date-Modified = {2016-11-13 23:37:42 +0000},
	Journal = {Proceedings, Federal Reserve Bank of San Francisco},
	Title = {Policy rules for inflation targeting},
	Year = {1998}}

@article{Blanchard,
	Author = {Oliver Jean Blanchard and Danny Quah},
	Date-Added = {2016-11-13 23:33:57 +0000},
	Date-Modified = {2016-11-13 23:35:27 +0000},
	Journal = {American Economic Review},
	Month = {September},
	Number = {4},
	Pages = {665-673},
	Title = {The dynamic effects of aggregate demand and supply disturbances},
	Volume = {79},
	Year = {1989}}

@article{Hall,
	Author = {Robert E. Hall},
	Date-Added = {2016-11-13 23:31:26 +0000},
	Date-Modified = {2016-11-13 23:32:59 +0000},
	Journal = {Journal of Political Economy},
	Number = {6},
	Pages = {971-987},
	Title = {Stochastic implications of the life cycle-permanent income hypothesis: theory and evidence},
	Volume = {86},
	Year = {1978}}

@article{Kydland,
	Author = {Finn E. Kydland and Edward C. Prescott},
	Date-Added = {2016-11-13 23:28:14 +0000},
	Date-Modified = {2016-11-13 23:30:04 +0000},
	Journal = {The Journal of Political Economy},
	Month = {June},
	Number = {3},
	Pages = {473-492},
	Title = {Rules rather than discretion: the inconsistency of optimal plans},
	Volume = {85},
	Year = {1977}}

@article{Leskovec3,
	Author = {Jure Leskovec and J. Kleinberg and C. Faloutsos},
	Date-Added = {2016-11-09 22:01:01 +0000},
	Date-Modified = {2016-11-09 22:02:29 +0000},
	Journal = {Proceedings of the Eleventh ACM SIGKDD international Conference on Knowledge Discovery and Data Mining},
	Title = {Graphs over time: Densification laws, shrinking diameters and possible explanations},
	Year = {2005}}

@article{Yang,
	Author = {Jaewong Yang and Jure Leskovec},
	Date-Added = {2016-10-05 01:09:03 +0000},
	Date-Modified = {2016-10-05 03:10:13 +0000},
	Journal = {Proceedings MDS},
	Title = {Definin and evaluating network communities based on ground-truth},
	Year = {2012}}

@book{Watts,
	Author = {Duncan Watts},
	Date-Added = {2016-10-05 01:08:22 +0000},
	Date-Modified = {2016-10-05 01:09:00 +0000},
	Publisher = {Princenton University Press},
	Title = {Small world},
	Year = {1999}}

@article{Subelj,
	Author = {Lovro Subelj and Dalibor Fiala and Marko Bajec},
	Date-Added = {2016-10-05 01:06:01 +0000},
	Date-Modified = {2016-10-05 01:08:08 +0000},
	Journal = {Scientific Reports},
	Number = {6496},
	Title = {Network-based statistical comparison of citation topology of bibliographic databases},
	Volume = {4},
	Year = {2014}}

@article{SollaPrice,
	Author = {Dereck de Solla Price},
	Date-Added = {2016-10-05 01:04:02 +0000},
	Date-Modified = {2016-10-05 01:05:43 +0000},
	Journal = {Journal of the American Society for Information Science},
	Title = {A general theory of bibliometric and other cummulative processes},
	Year = {1976}}

@article{Shannon,
	Author = {Claude Elwood Shannon},
	Date-Added = {2016-10-05 01:02:30 +0000},
	Date-Modified = {2016-10-05 01:03:40 +0000},
	Journal = {The Bell Technical Journal},
	Title = {The mathematical theory of communication},
	Volume = {27},
	Year = {1948}}

@article{Salazar2,
	Author = {Boris Salazar and Daniel Otero and Juan Camilo Escand{\'o}n},
	Date-Added = {2016-10-05 01:01:46 +0000},
	Date-Modified = {2016-10-05 01:02:20 +0000},
	Journal = {Manuscrito},
	Title = {Consenso y divergencia en la revoluci{\'o}n de los nuevos cl{\'a}sicos},
	Year = {2016}}

@article{Salazar1,
	Author = {Boris Salazar and Daniel Otero},
	Date-Added = {2016-10-05 01:00:36 +0000},
	Date-Modified = {2016-10-05 01:01:41 +0000},
	Journal = {Revista de Econom{\'\i}a Institucional},
	Number = {32},
	Pages = {39-69},
	Title = {La revoluci{\'o}n de los nuevos cl{\'a}sicos: redes, influencia y metedolog{\'\i}a},
	Volume = {17},
	Year = {2015}}

@article{Rosvall3,
	Author = {Martin Rosvall and Carl Bergstrom},
	Date-Added = {2016-10-05 00:59:00 +0000},
	Date-Modified = {2016-10-05 01:00:28 +0000},
	Journal = {PLoS ONE},
	Number = {1},
	Title = {Mapping change in large networks},
	Volume = {5},
	Year = {2010}}

@article{Rosvall2,
	Author = {Martin Rosvall and Daniel Axelsson and Carl Bergstrom},
	Date-Added = {2016-10-05 00:55:19 +0000},
	Date-Modified = {2016-10-05 00:58:56 +0000},
	Journal = {Eur. Phys. J. Special Topics},
	Number = {178},
	Title = {The map equation},
	Volume = {13},
	Year = {2009}}

@article{Rosvall1,
	Author = {Martin Rosvall and Carl Bergstrom},
	Date-Added = {2016-10-05 00:52:25 +0000},
	Date-Modified = {2016-10-05 00:55:15 +0000},
	Journal = {PNAS},
	Number = {1118},
	Title = {Maps of random walks on complex networks reveal community structure},
	Volume = {105},
	Year = {2008}}

@article{Ren,
	Author = {Fu-Xin Ren and Xue-Qi Cheng and Hua-Wer Shen},
	Date-Added = {2016-10-05 00:50:10 +0000},
	Date-Modified = {2016-10-05 00:51:41 +0000},
	Journal = {Physica A: Statistical Mechanics and its Applications},
	Title = {Modeling the clustering in citation networks},
	Year = {2012}}

@article{Ravasz,
	Author = {Erzs{\'e}bet Ravasz and Albert Barab{\'a}si},
	Date-Added = {2016-10-05 00:48:34 +0000},
	Date-Modified = {2016-10-05 00:50:07 +0000},
	Journal = {Physical Review E},
	Title = {Hierarchical organizations in complex networks},
	Year = {2003}}

@article{Raghavan,
	Author = {Usha Nandini Raghavan and R{\'e}ka Albert and Soundar Kumara},
	Date-Added = {2016-10-05 00:45:32 +0000},
	Date-Modified = {2016-10-05 02:42:55 +0000},
	Journal = {Physical Review},
	Title = {Near linear time algorithm to detect community structure in large networks},
	Year = {2007}}

@article{Pons,
	Author = {Pascal Pons and Matthieu Latapy},
	Date-Added = {2016-10-05 00:43:34 +0000},
	Date-Modified = {2016-10-05 00:45:28 +0000},
	Journal = {Physics and Society (arXiv:physics/0512106)},
	Title = {Computing communities in large networks using random walks (long version)},
	Year = {2005}}

@article{Orman,
	Author = {Gunce Orman and Vincent Labatut and Hocine Cherifi},
	Date-Added = {2016-10-05 00:40:10 +0000},
	Date-Modified = {2016-10-05 00:42:24 +0000},
	Journal = {Journal of Convergence Information Technology},
	Number = {11},
	Title = {On accuracy of community structure discovery algorithms},
	Volume = {6},
	Year = {2011}}

@book{Newman6,
	Author = {Mark Newman},
	Date-Added = {2016-10-05 00:39:10 +0000},
	Date-Modified = {2016-10-05 00:40:02 +0000},
	Publisher = {Oxford University Press},
	Title = {Networks: an introduction},
	Year = {2010}}

@article{Newman5,
	Author = {Mark Newman},
	Date-Added = {2016-10-05 00:36:04 +0000},
	Date-Modified = {2016-10-05 00:37:13 +0000},
	Journal = {arXiv: 0809.0522v1},
	Title = {The first-mover advantage in scientific publicacions},
	Year = {2008}}

@article{Newman4,
	Author = {Mark Newman},
	Date-Added = {2016-10-05 00:35:01 +0000},
	Date-Modified = {2016-10-05 00:35:58 +0000},
	Journal = {Proceedings of the National Academy of Science},
	Number = {103},
	Title = {Modularity and community structure in networks},
	Volume = {23},
	Year = {2006}}

@article{Newman3,
	Author = {Mark Newman},
	Date-Added = {2016-10-05 00:33:30 +0000},
	Date-Modified = {2016-10-05 00:34:26 +0000},
	Journal = {Contemporary Physics},
	Number = {323},
	Title = {Power laws, pareto distribution and zipfÂ´s law},
	Volume = {46},
	Year = {2005}}

@article{Newman2,
	Author = {Mark Newman},
	Date-Added = {2016-10-05 00:31:14 +0000},
	Date-Modified = {2016-10-05 00:32:05 +0000},
	Journal = {Physical Review E},
	Number = {64},
	Title = {Clustering and preferential attachment in growning networks},
	Year = {2001}}

@article{Newman1,
	Author = {Mark Newman},
	Date-Added = {2016-10-05 00:27:16 +0000},
	Date-Modified = {2016-10-05 00:31:03 +0000},
	Journal = {Sante Fe Institute},
	Title = {The structure of scientific collaboration networks},
	Year = {2000}}

@book{Lucas2,
	Author = {Robert Lucas and Thomas Sargent},
	Date-Added = {2016-10-05 00:26:05 +0000},
	Date-Modified = {2016-10-05 00:27:10 +0000},
	Publisher = {The University of Minessota Press},
	Title = {Rational expectations as econometric practice},
	Year = {1979}}

@article{Lucas1,
	Author = {Robert Lucas},
	Date-Added = {2016-10-05 00:24:45 +0000},
	Date-Modified = {2016-10-05 00:26:03 +0000},
	Journal = {Carnegie-Rochester Series on Public Policy},
	Number = {1},
	Pages = {19-46},
	Title = {Econometric policy evaluation: a critique},
	Volume = {1},
	Year = {1976}}

@article{Li-Chun,
	Author = {Yin Li-Chun and Hildrun Kretschmer and Robert Hanneman and Liu Ze-Yuan},
	Date-Added = {2016-10-05 00:20:12 +0000},
	Date-Modified = {2016-10-05 00:24:39 +0000},
	Journal = {International Workshop on Webometrics, Iformetrics ans Scientometrics},
	Month = {May},
	Title = {The evolution of a citation network topology: the development of the journal Scientometrics},
	Year = {2006}}

@article{Leskovec2,
	Author = {Jure Leskovec and Kevin Lang and Michael Mahoney},
	Date-Added = {2016-10-05 00:16:35 +0000},
	Date-Modified = {2016-10-05 00:19:40 +0000},
	Journal = {WWW 10 Proceedings of the 19th international conference on World Wide Web},
	Pages = {631-640},
	Title = {Empirical comparison of algorithms for network community detection},
	Year = {2010}}

@article{Leskovec1,
	Author = {Jure Leskovec and Kevin Lang and Dasgupta and Michael Mahoney},
	Date-Added = {2016-10-05 00:13:51 +0000},
	Date-Modified = {2016-10-05 02:43:13 +0000},
	Journal = {international World Wide Web Conference},
	Pages = {695-704},
	Title = {Statistical properties of community structure in large social and information networks},
	Year = {2008}}

@article{Leicht,
	Author = {Elizabeth Leicht and Mark Newman},
	Date-Added = {2016-10-05 00:09:22 +0000},
	Date-Modified = {2016-10-05 00:13:35 +0000},
	Journal = {Physical Review Letters},
	Title = {Community structure in directed networks},
	Year = {2008}}

@article{Lancichinetti,
	Author = {Andrea Lancichinetti and Santo Fortunato},
	Date-Added = {2016-10-05 00:05:12 +0000},
	Date-Modified = {2016-10-05 00:09:05 +0000},
	Journal = {Physical Review E},
	Title = {Community detection algorithms: a comparartive analysis},
	Year = {2009}}

@article{Labatut,
	Author = {Vincent Labatut and Jean-Michel Balasque},
	Date-Added = {2016-10-05 00:01:04 +0000},
	Date-Modified = {2016-10-05 00:05:00 +0000},
	Journal = {Computational Social Networks Analysis},
	Title = {Detection and interpretation of communities in complex networks: methods and practical application},
	Year = {2011}}

@book{Kuhn,
	Author = {Thomas Kuhn},
	Date-Added = {2016-10-04 23:59:30 +0000},
	Date-Modified = {2016-10-05 00:00:58 +0000},
	Publisher = {Chicago University Press},
	Title = {The structure of scientific revolutions},
	Year = {1962}}

@article{Gardfield2,
	Author = {Eugene Gardfield and Irving Sher and Richard Torpie},
	Date-Added = {2016-10-04 23:56:48 +0000},
	Date-Modified = {2016-10-05 00:17:29 +0000},
	Journal = {Institute for Scientific Information Press},
	Title = {The use of citation data in writing the history of science},
	Year = {1964}}

@book{Gardfield1,
	Author = {Eugene Gardfield},
	Date-Added = {2016-10-04 23:55:10 +0000},
	Date-Modified = {2016-10-05 00:17:33 +0000},
	Publisher = {Institute for Scientific Information Press},
	Title = {Citation index - Its theory and applications in science, technology, and humanities},
	Year = {1979}}

@article{Kossinets,
	Author = {Gueorgi Kossinets and Duncan Watts},
	Date-Added = {2016-10-04 23:48:44 +0000},
	Date-Modified = {2016-10-04 23:55:02 +0000},
	Journal = {American Journal of Sociology},
	Pages = {405-450},
	Title = {Origins of homophily in an evolving social network},
	Volume = {115},
	Year = {2009}}

@article{Kas,
	Author = {Miray Kas and Kathleen Carley and Richard Carley},
	Date-Added = {2016-10-04 23:46:21 +0000},
	Date-Modified = {2016-10-04 23:48:39 +0000},
	Journal = {Social Networks Analysis and Mining},
	Number = {2},
	Pages = {169-187},
	Title = {Trends in science networks: understanding structures and statistics of scientific networks},
	Volume = {2},
	Year = {2012}}

@article{Hummon,
	Author = {Norman Hummon and Patrick Doreian},
	Date-Added = {2016-10-04 23:44:09 +0000},
	Date-Modified = {2016-10-04 23:45:56 +0000},
	Journal = {Social Networks},
	Pages = {39-63},
	Title = {Connectivity in a citation network: teh development of DNA theory},
	Volume = {11},
	Year = {1989}}

@article{Goyal,
	Author = {Sanjeev Goyal and Marco van der Leij and Jos{\'e} Luis Moraga-Gonz{\'a}les},
	Date-Added = {2016-10-04 23:40:07 +0000},
	Date-Modified = {2016-11-09 19:55:34 +0000},
	Journal = {CESIFO Working Paper},
	Number = {1287},
	Title = {Economics: an emerging small world?},
	Year = {2006}}

@article{Gleich,
	Author = {David Gleich},
	Date-Added = {2016-10-04 23:38:39 +0000},
	Date-Modified = {2016-10-04 23:40:01 +0000},
	Journal = {Information Networks},
	Title = {Hierarchical directed spectral graph partitioning},
	Year = {2006}}

@article{Girvan2,
	Author = {Michelle Girvan and Mark Newman},
	Date-Added = {2016-10-04 23:36:47 +0000},
	Date-Modified = {2016-10-04 23:38:26 +0000},
	Journal = {Physical Review E: Statsitical, Nonlinear and Soft Matter Physics},
	Number = {69},
	Title = {Finding and evaluating community structure in networks},
	Volume = {2},
	Year = {2004}}

@article{Girvan1,
	Author = {Michelle Girvan and Mark Newman},
	Date-Added = {2016-10-04 23:33:41 +0000},
	Date-Modified = {2016-10-04 23:36:42 +0000},
	Journal = {Proceedings of the National Academy of Science},
	Number = {99},
	Title = {Community structure in social and biolgical networks},
	Volume = {12},
	Year = {2002}}

@article{Cronin2,
	Author = {Blaise Cronin},
	Date-Added = {2016-10-04 23:30:55 +0000},
	Date-Modified = {2016-10-05 00:17:05 +0000},
	Journal = {Journal of Documentation},
	Number = {38},
	Pages = {212-236},
	Title = {Invisible colleges and information transfer: a review and commentary with particular reference to the social sciecne},
	Volume = {3},
	Year = {1982}}

@article{Danon,
	Author = {Leon Danon and Albert D{\'\i}az-Guilera and Jordi Duch and Alex Arenas},
	Date-Added = {2016-10-04 23:28:31 +0000},
	Date-Modified = {2016-10-04 23:30:29 +0000},
	Journal = {Journal of Statistical Mechanics},
	Title = {Comparing community structure identification},
	Year = {2007}}

@article{Csardi,
	Author = {G{\'a}bor Csardi and Tam{\'a}s Nepusz},
	Date-Added = {2016-10-04 23:26:01 +0000},
	Date-Modified = {2016-10-04 23:28:18 +0000},
	Journal = {InterJournal},
	Number = {1965},
	Title = {The igraph software package for complex network research},
	Volume = {Complex Systems},
	Year = {2006}}

@book{Cronin1,
	Address = {London},
	Author = {Blaise Cronin},
	Date-Added = {2016-10-04 23:21:40 +0000},
	Date-Modified = {2016-10-05 00:17:09 +0000},
	Publisher = {Taylor Graham},
	Title = {The citation process: the role and significance of citations in scientific communication},
	Year = {1984}}

@article{Clauset,
	Author = {Aaron Clauset and Mark Newman and Cristoper Moore},
	Date-Added = {2016-10-04 23:19:32 +0000},
	Date-Modified = {2016-10-04 23:21:35 +0000},
	Journal = {Physical Review},
	Number = {70},
	Title = {Finding community structure in very large networks},
	Volume = {E},
	Year = {2004}}

@article{Blondel,
	Author = {Vincent Blondel and Jean-Loup Guillaume and Renaud Lambiote and Etienne Lefebvre},
	Date-Added = {2016-10-04 23:16:47 +0000},
	Date-Modified = {2016-10-04 23:19:17 +0000},
	Journal = {Journal of Statistical Mechanics: Theory and Experiment},
	Number = {P10008},
	Title = {Fast unfolding of communities in large networks},
	Volume = {10},
	Year = {2008}}

@article{Bagrow,
	Author = {James Bagrow and Dirk Brockmann},
	Date-Added = {2016-10-04 23:13:26 +0000},
	Date-Modified = {2016-10-04 23:16:30 +0000},
	Journal = {Physical Review X},
	Title = {Natural emergence of clusters and burst in network evolution},
	Volume = {3},
	Year = {2013}}

@article{Brandes,
	Author = {Ulrik Brandes and Daniel Delling and Marco Gaertler and Robert Gorke and Martin Hoefer and Zoran Nikoloski and Dorothea Wagner},
	Date-Added = {2016-10-04 23:09:40 +0000},
	Date-Modified = {2016-10-04 23:12:45 +0000},
	Journal = {IEEE Transactions on Knowledge and Data Engineering},
	Title = {On modularity clustering},
	Volume = {20},
	Year = {2008}}

@article{Barabasi2,
	Author = {Albert Barab{\'a}si and Erzs{\'e}bet Ravasz and Tam{\'a}s Vicsek},
	Date-Added = {2016-10-04 23:06:37 +0000},
	Date-Modified = {2016-10-05 00:17:16 +0000},
	Journal = {Physica A: Statistical Mechanics and its Applications},
	Number = {299},
	Title = {Deterministic scale free networks},
	Year = {2001}}

@article{Barabasi1,
	Author = {Albert Barab{\'a}si and R{\'e}ka Albert},
	Date-Added = {2016-10-04 23:04:38 +0000},
	Date-Modified = {2016-10-05 00:17:20 +0000},
	Journal = {Science},
	Number = {286},
	Pages = {509-512},
	Title = {Emergence of scaling in random networks},
	Year = {1999}}

@article{Albert,
	Author = {R{\'e}ka Albert and Albert Barab{\'a}si},
	Date-Added = {2016-10-04 22:59:29 +0000},
	Date-Modified = {2016-10-04 23:04:13 +0000},
	Journal = {Reviews of modern physics},
	Rating = {5},
	Read = {0},
	Title = {Statistical mechanics of complex networks},
	Volume = {74},
	Year = {2002}}
